<record><leader>00000cas a22000007a 4500</leader><controlfield tag="001">17606669</controlfield><controlfield tag="008">880310d19581963lauwr ne      0    0eng d</controlfield><datafield ind1=" " ind2=" " tag="010"><subfield code="a">sn 88064240 </subfield></datafield><datafield ind1=" " ind2=" " tag="040"><subfield code="a">LNP</subfield><subfield code="b">eng</subfield><subfield code="c">LNP</subfield><subfield code="d">OCLCQ</subfield></datafield><datafield ind1=" " ind2=" " tag="042"><subfield code="a">msc</subfield></datafield><datafield ind1="0" ind2="0" tag="245"><subfield code="a">Livingston Parish times.</subfield></datafield><datafield ind1=" " ind2=" " tag="260"><subfield code="a">Denham Springs, La. :</subfield><subfield code="b">[Joe E. Minton]</subfield></datafield><datafield ind1=" " ind2=" " tag="310"><subfield code="a">Weekly</subfield></datafield><datafield ind1="1" ind2=" " tag="362"><subfield code="a">Began in Aug. 1958.</subfield></datafield><datafield ind1="0" ind2=" " tag="362"><subfield code="a">-v. 6, no. 6 (Sept. 26, 1963).</subfield></datafield><datafield ind1=" " ind2=" " tag="588"><subfield code="a">Description based on: Vol. 2, no. 23 (Jan. 6, 1959 [i.e. 1960]).</subfield></datafield><datafield ind1=" " ind2=" " tag="752"><subfield code="a">United States</subfield><subfield code="b">Louisiana</subfield><subfield code="c">Livingston</subfield><subfield code="d">Denham Springs.</subfield></datafield><datafield ind1="0" ind2="0" tag="785"><subfield code="t">Times (Denham Springs, La.)</subfield><subfield code="w">(DLC)sn 88064241</subfield></datafield><datafield ind1="1" ind2=" " tag="029"><subfield code="a">AU@</subfield><subfield code="b">000025825329</subfield></datafield></record>